<record><leader>00000cas a2200000 a 4500</leader><controlfield tag="001">9458453</controlfield><controlfield tag="008">830428d19591988ilucr ne      0   a0eng c</controlfield><datafield ind1=" " ind2=" " tag="010"><subfield code="a">sn 83007701 </subfield></datafield><datafield ind1=" " ind2=" " tag="040"><subfield code="a">NSD</subfield><subfield code="b">eng</subfield><subfield code="c">NSD</subfield><subfield code="d">NVF</subfield><subfield code="d">OCLCQ</subfield><subfield code="d">NVF</subfield><subfield code="d">OCLCQ</subfield><subfield code="d">NVF</subfield><subfield code="d">OCLCF</subfield><subfield code="d">OCLCO</subfield></datafield><datafield ind1=" " ind2=" " tag="012"><subfield code="m">1</subfield></datafield><datafield ind1="1" ind2=" " tag="022"><subfield code="a">0745-788X</subfield><subfield code="l">0745-788X</subfield><subfield code="2">1</subfield></datafield><datafield ind1="1" ind2=" " tag="029"><subfield code="a">AU@</subfield><subfield code="b">000025800131</subfield></datafield><datafield ind1=" " ind2=" " tag="032"><subfield code="a">390180</subfield><subfield code="b">USPS</subfield></datafield><datafield ind1=" " ind2=" " tag="042"><subfield code="a">nsdp</subfield><subfield code="a">pcc</subfield></datafield><datafield ind1=" " ind2=" " tag="043"><subfield code="a">n-us-il</subfield></datafield><datafield ind1=" " ind2="0" tag="222"><subfield code="a">Newton press-mentor</subfield></datafield><datafield ind1="0" ind2="0" tag="245"><subfield code="a">Newton press-mentor.</subfield></datafield><datafield ind1="3" ind2=" " tag="246"><subfield code="a">Newton press mentor</subfield></datafield><datafield ind1=" " ind2=" " tag="260"><subfield code="a">Newton, Ill. :</subfield><subfield code="b">J.W. Wells Jr.,</subfield><subfield code="c">1959-1988.</subfield></datafield><datafield ind1=" " ind2=" " tag="300"><subfield code="a">v.</subfield></datafield><datafield ind1=" " ind2=" " tag="310"><subfield code="a">Semiweekly</subfield></datafield><datafield ind1="0" ind2=" " tag="362"><subfield code="a">98th year, no. 70 (Dec. 23, 1959)-126th year, no. 102 (Mar. 21, 1988).</subfield></datafield><datafield ind1=" " ind2=" " tag="515"><subfield code="a">Continues the numbering of Newton press.</subfield></datafield><datafield ind1=" " ind2=" " tag="580"><subfield code="a">Formed by the union of: Newton press and: Mentor-Democrat.</subfield></datafield><datafield ind1=" " ind2="0" tag="651"><subfield code="a">Newton (Ill.)</subfield><subfield code="v">Newspapers.</subfield></datafield><datafield ind1=" " ind2="7" tag="655"><subfield code="a">Newspapers.</subfield><subfield code="2">fast</subfield><subfield code="0">(OCoLC)fst01423814</subfield></datafield><datafield ind1=" " ind2="7" tag="651"><subfield code="a">Illinois</subfield><subfield code="z">Newton.</subfield><subfield code="2">fast</subfield><subfield code="0">(OCoLC)fst01282450</subfield></datafield><datafield ind1=" " ind2=" " tag="752"><subfield code="a">United States</subfield><subfield code="b">Illinois</subfield><subfield code="c">Jasper</subfield><subfield code="d">Newton.</subfield></datafield><datafield ind1="1" ind2="4" tag="780"><subfield code="t">Newton press</subfield><subfield code="w">(DLC)sn 90054873</subfield><subfield code="w">(OCoLC)22938761</subfield></datafield><datafield ind1="1" ind2="4" tag="780"><subfield code="t">Mentor-Democrat</subfield><subfield code="w">(DLC)sn 90054875</subfield><subfield code="w">(OCoLC)22938820</subfield></datafield><datafield ind1="0" ind2="0" tag="785"><subfield code="t">Jasper County Newton press-mentor</subfield><subfield code="w">(DLC)sn 90054876</subfield><subfield code="w">(OCoLC)22938938</subfield></datafield></record>